@inproceedings{pordes2007open,
  title={The open science grid},
  author={Pordes, R. and Petravick, D. and Kramer, B. and Olson, D. and Livny, M. and Roy, A. and Avery, P. and Blackburn, K. and Wenaus, T. and W{\"u}rthwein, F. and others},
  booktitle={Journal of Physics: Conference Series},
  volume={78},
  pages={012057},
  year={2007},
  organization={IOP Publishing}
}

@inproceedings{litzkow1988condor,
  title={Condor-a hunter of idle workstations},
  author={Litzkow, M.J. and Livny, M. and Mutka, M.W.},
  booktitle={Distributed Computing Systems, 1988., 8th International Conference on},
  pages={104--111},
  year={1988},
  organization={IEEE}
}

@inproceedings{fujimoto2003large,
  title={Large-scale network simulation: how big? how fast?},
  author={Fujimoto, R.M. and Perumalla, K. and Park, A. and Wu, H. and Ammar, M.H. and Riley, G.F.},
  booktitle={Modeling, Analysis and Simulation of Computer Telecommunications Systems, 2003. MASCOTS 2003. 11th IEEE/ACM International Symposium on},
  pages={116--123},
  year={2003},
  organization={IEEE}
}

@inproceedings{fujimoto2003large,
  title={Large-scale network simulation: how big? how fast?},
  author={Fujimoto, R.M. and Perumalla, K. and Park, A. and Wu, H. and Ammar, M.H. and Riley, G.F.},
  booktitle={Modeling, Analysis and Simulation of Computer Telecommunications Systems, 2003. MASCOTS 2003. 11th IEEE/ACM International Symposium on},
  pages={116--123},
  year={2003},
  organization={IEEE}
}



@inproceedings{fujimoto2000design,
  title={Design of high performance RTI software},
  author={Fujimoto, R. and McLean, T. and Perumalla, K. and Tacic, I.},
  booktitle={Distributed Simulation and Real-Time Applications, 2000.(DS-RT 2000). Proceedings. Fourth IEEE International Workshop on},
  pages={89--96},
  year={2000},
  organization={IEEE}
}

@article{riley2004federated,
  title={A federated approach to distributed network simulation},
  author={Riley, G.F. and Ammar, M.H. and Fujimoto, R.M. and Park, A. and Perumalla, K. and Xu, D.},
  journal={ACM Transactions on Modeling and Computer Simulation (TOMACS)},
  volume={14},
  number={2},
  pages={116--148},
  year={2004},
  publisher={ACM}
}


